<record><leader>00000cas a2200000 a 4500</leader><controlfield tag="001">12373987</controlfield><controlfield tag="008">850812d18021803nyu x ne      0    0eng c</controlfield><datafield ind1=" " ind2=" " tag="010"><subfield code="a">sn 85026695 </subfield></datafield><datafield ind1=" " ind2=" " tag="040"><subfield code="a">NPX</subfield><subfield code="b">eng</subfield><subfield code="c">NPX</subfield><subfield code="d">NPA</subfield><subfield code="d">MUL</subfield><subfield code="d">NJW</subfield><subfield code="d">KNP</subfield><subfield code="d">MGN</subfield><subfield code="d">KNP</subfield><subfield code="d">HUL</subfield><subfield code="d">MGN</subfield><subfield code="d">NYS</subfield><subfield code="d">DLC</subfield><subfield code="d">OCL</subfield><subfield code="d">CVF</subfield><subfield code="d">NVK</subfield><subfield code="d">DLC</subfield><subfield code="d">NYS</subfield><subfield code="d">GUA</subfield><subfield code="d">OCLCQ</subfield><subfield code="d">OCLCF</subfield><subfield code="d">OCLCO</subfield></datafield><datafield ind1=" " ind2=" " tag="042"><subfield code="a">pcc</subfield></datafield><datafield ind1=" " ind2=" " tag="043"><subfield code="a">n-us-ny</subfield></datafield><datafield ind1="0" ind2="0" tag="050"><subfield code="a">Newspaper</subfield></datafield><datafield ind1="0" ind2=" " tag="130"><subfield code="a">Wasp (Hudson, N.Y.)</subfield></datafield><datafield ind1="1" ind2="4" tag="245"><subfield code="a">The Wasp.</subfield></datafield><datafield ind1=" " ind2=" " tag="260"><subfield code="a">Hudson [N.Y.] :</subfield><subfield code="b">H. Croswell,</subfield><subfield code="c">1802-1803.</subfield></datafield><datafield ind1=" " ind2=" " tag="300"><subfield code="a">v.</subfield></datafield><datafield ind1=" " ind2=" " tag="310"><subfield code="a">Irregular</subfield></datafield><datafield ind1="0" ind2=" " tag="362"><subfield code="a">Vol. 1, no. 1 (July 7, 1802)-v. 1, no. 12 (Jan. 26, 1803).</subfield></datafield><datafield ind1=" " ind2=" " tag="500"><subfield code="a">Federalist.</subfield></datafield><datafield ind1=" " ind2=" " tag="500"><subfield code="a">Edited by Harry Croswell, writing under the pseudonym of Robert Rusticoat, Esquire.</subfield></datafield><datafield ind1=" " ind2=" " tag="500"><subfield code="a">"To lash the Rascals naked through the world."</subfield></datafield><datafield ind1=" " ind2=" " tag="500"><subfield code="a">Masthead ornament: Wasp.</subfield></datafield><datafield ind1=" " ind2=" " tag="500"><subfield code="a">Vol. 1, no. 1-3 also issued in a 2nd ed.</subfield></datafield><datafield ind1="4" ind2=" " tag="510"><subfield code="a">Brigham, C.S. Amer. newspapers</subfield><subfield code="c">p. 588</subfield></datafield><datafield ind1=" " ind2=" " tag="530"><subfield code="a">Also issued on microform and online.</subfield></datafield><datafield ind1=" " ind2=" " tag="580"><subfield code="a">Published in political opposition to: Bee (New London, Conn.).</subfield></datafield><datafield ind1=" " ind2="0" tag="651"><subfield code="a">Hudson (N.Y.)</subfield><subfield code="v">Newspapers.</subfield></datafield><datafield ind1=" " ind2="0" tag="651"><subfield code="a">Columbia County (N.Y.)</subfield><subfield code="v">Newspapers.</subfield></datafield><datafield ind1=" " ind2="7" tag="655"><subfield code="a">Newspapers.</subfield><subfield code="2">fast</subfield><subfield code="0">(OCoLC)fst01423814</subfield></datafield><datafield ind1=" " ind2="7" tag="651"><subfield code="a">New York (State)</subfield><subfield code="z">Columbia County.</subfield><subfield code="2">fast</subfield><subfield code="0">(OCoLC)fst01223301</subfield></datafield><datafield ind1=" " ind2="7" tag="651"><subfield code="a">New York (State)</subfield><subfield code="z">Hudson.</subfield><subfield code="2">fast</subfield><subfield code="0">(OCoLC)fst01208091</subfield></datafield><datafield ind1=" " ind2=" " tag="752"><subfield code="a">United States</subfield><subfield code="b">New York</subfield><subfield code="c">Columbia</subfield><subfield code="d">Hudson.</subfield></datafield><datafield ind1="1" ind2=" " tag="776"><subfield code="t">Wasp (Hudson, N.Y. : Online)</subfield><subfield code="w">(DLC)  2007233791</subfield><subfield code="w">(OCoLC)52004198</subfield></datafield><datafield ind1="1" ind2=" " tag="787"><subfield code="t">Bee (New London, Conn.)</subfield><subfield code="w">(DLC)sn 82006797</subfield><subfield code="w">(OCoLC)8766346</subfield></datafield><datafield ind1="4" ind2="1" tag="856"><subfield code="u">http://proquest.umi.com/pqdweb</subfield></datafield></record>